<?xml version="1.0" encoding="UTF-8"?><collection xmlns="http://www.loc.gov/MARC21/slim"><record><leader>00449nam--2200169-i-4500</leader><controlfield tag="001">000027987</controlfield><controlfield tag="002">20161230</controlfield><controlfield tag="005">20161230201037</controlfield><controlfield tag="008">060222s1000------------r-----000-0-fre-d</controlfield><datafield ind1=" " ind2=" " tag="041"><subfield code="a">fre</subfield></datafield><datafield ind1=" " ind2=" " tag="080"><subfield code="a">015:523.87</subfield></datafield><datafield ind1="1" ind2=" " tag="100"><subfield code="a">Laval, Annie</subfield></datafield><datafield ind1="1" ind2="0" tag="245"><subfield code="a">Cinematique et evolution dans l`association sco.ob1. these</subfield><subfield code="b">These</subfield><subfield code="c">Annie laval</subfield></datafield><datafield ind1=" " ind2=" " tag="260"><subfield code="a">Provence</subfield><subfield code="b">Universite</subfield><subfield code="c">/F.An</subfield></datafield><datafield ind1=" " ind2=" " tag="300"><subfield code="a">90P</subfield></datafield><datafield ind1=" " ind2=" " tag="852"><subfield code="a">38164</subfield><subfield code="c">523</subfield></datafield><datafield ind1=" " ind2=" " tag="CAT"><subfield code="a">Sys</subfield><subfield code="c">20130829</subfield><subfield code="h">135037</subfield></datafield></record></collection>